[gd_scene load_steps=3 format=3 uid="uid://bcho4ykjqnsih"]

[ext_resource type="Script" path="res://scenes/overlay/hint/hint.gd" id="1_xfgxx"]

[sub_resource type="StyleBoxFlat" id="StyleBoxFlat_0psw0"]
content_margin_left = 16.0
content_margin_top = 16.0
content_margin_right = 16.0
content_margin_bottom = 16.0
bg_color = Color(0.0705882, 0.129412, 0.141176, 0.666667)

[node name="Hint" type="Control"]
layout_direction = 1
layout_mode = 3
anchors_preset = 15
anchor_right = 1.0
anchor_bottom = 1.0
grow_horizontal = 2
grow_vertical = 2
size_flags_horizontal = 3
size_flags_vertical = 3
mouse_filter = 2
script = ExtResource("1_xfgxx")

[node name="MarginContainer2" type="MarginContainer" parent="."]
layout_mode = 1
anchors_preset = 15
anchor_right = 1.0
anchor_bottom = 1.0
grow_horizontal = 2
grow_vertical = 2

[node name="PanelContainer" type="PanelContainer" parent="MarginContainer2"]
layout_mode = 2
theme_override_styles/panel = SubResource("StyleBoxFlat_0psw0")

[node name="VBoxContainer" type="VBoxContainer" parent="MarginContainer2/PanelContainer"]
layout_mode = 2

[node name="Label" type="Label" parent="MarginContainer2/PanelContainer/VBoxContainer"]
layout_mode = 2
theme_type_variation = &"HeaderLarge"
text = "Hint"

[node name="MarginContainer" type="MarginContainer" parent="MarginContainer2/PanelContainer/VBoxContainer"]
layout_mode = 2
size_flags_vertical = 3
theme_override_constants/margin_top = 0
theme_override_constants/margin_bottom = 0

[node name="Text" type="RichTextLabel" parent="MarginContainer2/PanelContainer/VBoxContainer/MarginContainer"]
unique_name_in_owner = true
layout_mode = 2
size_flags_vertical = 3
bbcode_enabled = true
text = "This be some good information"

[node name="HBoxContainer" type="HBoxContainer" parent="MarginContainer2/PanelContainer/VBoxContainer"]
layout_mode = 2
alignment = 2

[node name="MarginContainer" type="MarginContainer" parent="MarginContainer2/PanelContainer/VBoxContainer/HBoxContainer"]
layout_mode = 2
theme_type_variation = &"InnerMarginContainer"

[node name="CloseButton" type="Button" parent="MarginContainer2/PanelContainer/VBoxContainer/HBoxContainer/MarginContainer"]
unique_name_in_owner = true
custom_minimum_size = Vector2(250, 100)
layout_mode = 2
text = "okay, continue"
